<?xml version="1.0" encoding="UTF-8" ?>
<collection xmlns:xsi="http://www.w3.org/2001/XMLSchema-instance"
    xsi:schemaLocation="http://www.loc.gov/MARC21/slim
        http://www.loc.gov/standards/marcxml/schema/MARC21slim.xsd"
    xmlns="http://www.loc.gov/MARC21/slim">
<record>
  <leader>00272cam a2200529 ia4500</leader>
  <controlfield tag="001">b12588696</controlfield>
  <controlfield tag="003">LeBAU</controlfield>
  <controlfield tag="005">20140625</controlfield>
  <controlfield tag="008">970818m19501957ua       b    000 p ara d</controlfield>
  <datafield tag="035" ind1=" " ind2=" ">
    <subfield code="a">ocn784419268</subfield>
  </datafield>
  <datafield tag="040" ind1=" " ind2=" ">
    <subfield code="a">LEAUB</subfield>
    <subfield code="b">ara</subfield>
    <subfield code="e">rda</subfield>
    <subfield code="c">LEAUB</subfield>
    <subfield code="d">LEAUB</subfield>
  </datafield>
  <datafield tag="082" ind1="0" ind2="4">
    <subfield code="a">892.78</subfield>
    <subfield code="2">22</subfield>
  </datafield>
  <datafield tag="100" ind1="1" ind2=" ">
    <subfield code="6">880-01</subfield>
    <subfield code="a">Bashshār ibn Burd,</subfield>
    <subfield code="d">-783 or 784,</subfield>
    <subfield code="e">author.</subfield>
  </datafield>
  <datafield tag="245" ind1="1" ind2="0">
    <subfield code="6">880-02</subfield>
    <subfield code="a">Dīwān Bashshār ibn Burd /</subfield>
    <subfield code="c">li-nāshirihi wa-muqaddimihi wa-shāriḥihi wa-mukammilihi ḥaḍrat ṣāḥib al-faḍīlah al-ustādh al-‘allāmah al-sayyid Muḥammad al-Ṭāhir ibn ‘Āshūr, shaykh Jāmi‘ al-Zaytūnah al-A‘ẓam fī Tūnis ; ʻallaqa ʻalayhi, wa-waqafa ʻalá ṭabʻih Muḥammad Rifʻat Fatḥ Allāh, al-ustādh fī Kulliyat al-Lughah al-‘Arabīyah bi-al-Jāmi‘ al-Azhar, wa-Muḥammad Shawqī Amīn, al-muḥarrir f Majma‘ Fu’ād al-Awwal lil-Lughah al-‘Arabīyah.</subfield>
  </datafield>
  <datafield tag="264" ind1=" " ind2="1">
    <subfield code="6">880-03</subfield>
    <subfield code="a">al-Qāhirah :</subfield>
    <subfield code="b">Maṭba‘at Lajnat al-Taʼlīf wa-al-Tarjamah wa-al-Nashr,</subfield>
    <subfield code="c">1369-1376 H. = 1950-1957 M.</subfield>
  </datafield>
  <datafield tag="300" ind1=" " ind2=" ">
    <subfield code="6">880-04</subfield>
    <subfield code="a">3 volumes ;</subfield>
    <subfield code="c">24 cm</subfield>
  </datafield>
  <datafield tag="336" ind1=" " ind2=" ">
    <subfield code="a">text</subfield>
    <subfield code="b">txt</subfield>
    <subfield code="2">rdacontent</subfield>
  </datafield>
  <datafield tag="337" ind1=" " ind2=" ">
    <subfield code="a">unmediated</subfield>
    <subfield code="b">n</subfield>
    <subfield code="2">rdamedia</subfield>
  </datafield>
  <datafield tag="338" ind1=" " ind2=" ">
    <subfield code="a">volume</subfield>
    <subfield code="b">nc</subfield>
    <subfield code="2">rdacarrier</subfield>
  </datafield>
  <datafield tag="590" ind1=" " ind2=" ">
    <subfield code="a">في المكتبة: نسخة قسم الارشيف والمجموعات الخاصة مجلدة 3 أجزاء في 2.</subfield>
  </datafield>
  <datafield tag="600" ind1="1" ind2="4">
    <subfield code="a">بشار بن برد،</subfield>
    <subfield code="d">714-784</subfield>
    <subfield code="x">نقد وتأويل.</subfield>
  </datafield>
  <datafield tag="600" ind1="1" ind2="0">
    <subfield code="a">Bashshar Ibn Burd,</subfield>
    <subfield code="d">714-784</subfield>
    <subfield code="x">Criticism and interpretation.</subfield>
  </datafield>
  <datafield tag="655" ind1=" " ind2="4">
    <subfield code="a">شعر.</subfield>
  </datafield>
  <datafield tag="655" ind1=" " ind2="0">
    <subfield code="a">Poetry.</subfield>
  </datafield>
  <datafield tag="700" ind1="1" ind2=" ">
    <subfield code="6">880-05</subfield>
    <subfield code="a">Ibn ʻĀshūr, Muḥammad al-Ṭāhir,</subfield>
    <subfield code="e">compiler.</subfield>
    <subfield code="d">-1867 or 1868,</subfield>
  </datafield>
  <datafield tag="700" ind1="1" ind2=" ">
    <subfield code="6">880-06</subfield>
    <subfield code="a">Amīn, Muḥammad Shawqī,</subfield>
    <subfield code="e">commentator for written text.</subfield>
    <subfield code="4">cwt.</subfield>
  </datafield>
  <datafield tag="700" ind1="1" ind2=" ">
    <subfield code="6">880-07</subfield>
    <subfield code="a">Fatḥ Allāh, Muḥammad,</subfield>
    <subfield code="e">commentator for written text.</subfield>
    <subfield code="4">cwt.</subfield>
  </datafield>
  <datafield tag="852" ind1=" " ind2=" ">
    <subfield code="a">Jafet Library</subfield>
    <subfield code="e">American University of Beirut, Bliss Street , Beirut, Lebanon.</subfield>
  </datafield>
  <datafield tag="852" ind1=" " ind2=" ">
    <subfield code="a">Jafet Archives and Special Collections</subfield>
    <subfield code="e">American University of Beirut, Bliss Street, Beirut, ‎Lebanon.‎</subfield>
  </datafield>
  <datafield tag="880" ind1="1" ind2=" ">
    <subfield code="6">100-01/(3/r</subfield>
    <subfield code="a">بشار بن برد،</subfield>
    <subfield code="d">714-784،</subfield>
    <subfield code="e">مؤلف. </subfield>
    <subfield code="4">aut.</subfield>
  </datafield>
  <datafield tag="880" ind1="1" ind2="0">
    <subfield code="6">245-02/(3/r</subfield>
    <subfield code="a">ديوان بشار بن برد /</subfield>
    <subfield code="c">لناشره ومقدمه وشارحه ومكمله حضرة صاحب الفضيلة الأستاذ العلامة السيد محمد الطاهر إبن عاشور، شيخ جامع الزيتونة الأعظم في تونس ؛ علق عليه، ووقف على طبعه محمد رفعت فتح الله، الأستاذ في كلية اللغة العربية بالجامع الأزهر، ومحمد شوقي أمين، المحرر في مجمع فؤاد الأول للغة العربية.</subfield>
  </datafield>
  <datafield tag="880" ind1=" " ind2="1">
    <subfield code="6">264-03/(3/r</subfield>
    <subfield code="a">القاهرة :</subfield>
    <subfield code="b">مطبعة لجنة التأليف والترجمة والنشر،</subfield>
    <subfield code="c">1369-1376 هـ. = 1950-1957 م.</subfield>
  </datafield>
  <datafield tag="880" ind1=" " ind2=" ">
    <subfield code="6">300-04/(3/r</subfield>
    <subfield code="a">3 أجزاء ؛</subfield>
    <subfield code="c">24 سم</subfield>
  </datafield>
  <datafield tag="880" ind1="1" ind2=" ">
    <subfield code="6">700-05/(3/r</subfield>
    <subfield code="a">ابن عاشور، محمد الطاهر،</subfield>
    <subfield code="d">-1867 or 1868,</subfield>
    <subfield code="e">معد. </subfield>
    <subfield code="4">com.</subfield>
  </datafield>
  <datafield tag="880" ind1="1" ind2=" ">
    <subfield code="6">700-06/(3/r</subfield>
    <subfield code="a">أمين، محمد شوقي،</subfield>
    <subfield code="e">معلق على نص. </subfield>
  </datafield>
  <datafield tag="880" ind1="1" ind2=" ">
    <subfield code="6">700-07/(3/r</subfield>
    <subfield code="a">فتح الله، محمد،</subfield>
    <subfield code="e">معلق على نص. </subfield>
  </datafield>
  <datafield tag="907" ind1=" " ind2=" ">
    <subfield code="a">.b12588696</subfield>
    <subfield code="b">15-10-15</subfield>
    <subfield code="c">11-05-24</subfield>
  </datafield>
  <datafield tag="907" ind1=" " ind2=" ">
    <subfield code="a">.b12588696</subfield>
    <subfield code="b">11-10-11</subfield>
    <subfield code="c">11-05-24</subfield>
  </datafield>
  <datafield tag="945" ind1=" " ind2=" ">
    <subfield code="f">CA</subfield>
    <subfield code="a">892.78:B299dA:v.1-2</subfield>
    <subfield code="g">1</subfield>
    <subfield code="i">00503669</subfield>
    <subfield code="j">.i19938809</subfield>
    <subfield code="l">u0304</subfield>
  </datafield>
  <datafield tag="945" ind1=" " ind2=" ">
    <subfield code="f">CA</subfield>
    <subfield code="a">892.78:B299dA:v.3</subfield>
    <subfield code="g">2</subfield>
    <subfield code="i">00503670</subfield>
    <subfield code="j">.i19938810</subfield>
    <subfield code="l">u0304</subfield>
  </datafield>
  <datafield tag="945" ind1=" " ind2=" ">
    <subfield code="f">J</subfield>
    <subfield code="a">892.78:B299dA:v.1:c.1</subfield>
    <subfield code="g">1</subfield>
    <subfield code="i">01040370</subfield>
    <subfield code="j">.i13101729</subfield>
    <subfield code="l">u0503</subfield>
  </datafield>
  <datafield tag="945" ind1=" " ind2=" ">
    <subfield code="f">J</subfield>
    <subfield code="a">892.78:B299dA:v.1:c.2</subfield>
    <subfield code="g">1</subfield>
    <subfield code="i">01040371</subfield>
    <subfield code="j">.i13101730</subfield>
    <subfield code="l">u0503</subfield>
  </datafield>
  <datafield tag="945" ind1=" " ind2=" ">
    <subfield code="f">J</subfield>
    <subfield code="a">892.78:B299dA:v.2:c.1</subfield>
    <subfield code="g">1</subfield>
    <subfield code="i">01040372</subfield>
    <subfield code="j">.i13101742</subfield>
    <subfield code="l">u0503</subfield>
  </datafield>
  <datafield tag="945" ind1=" " ind2=" ">
    <subfield code="f">J</subfield>
    <subfield code="a">892.78:B299dA:v.2:c.2</subfield>
    <subfield code="g">1</subfield>
    <subfield code="i">01040373</subfield>
    <subfield code="j">.i13101754</subfield>
    <subfield code="l">u0503</subfield>
  </datafield>
  <datafield tag="945" ind1=" " ind2=" ">
    <subfield code="f">J</subfield>
    <subfield code="a">892.78:B299dA:v.3:c.1</subfield>
    <subfield code="g">1</subfield>
    <subfield code="i">01040374</subfield>
    <subfield code="j">.i13101766</subfield>
    <subfield code="l">u0503</subfield>
  </datafield>
  <datafield tag="945" ind1=" " ind2=" ">
    <subfield code="f">J</subfield>
    <subfield code="a">892.78:B299dA:v.3:c.2</subfield>
    <subfield code="g">1</subfield>
    <subfield code="i">01040375</subfield>
    <subfield code="j">.i13101778</subfield>
    <subfield code="l">u0503</subfield>
  </datafield>
  <datafield tag="998" ind1=" " ind2=" ">
    <subfield code="a">(2)u03</subfield>
    <subfield code="a">(6)u05</subfield>
    <subfield code="b">97-08-18</subfield>
    <subfield code="c">m</subfield>
    <subfield code="d">a</subfield>
    <subfield code="e">-</subfield>
    <subfield code="f">ara</subfield>
    <subfield code="g">ua </subfield>
    <subfield code="h">0</subfield>
    <subfield code="i">8</subfield>
  </datafield>
</record>
</collection>
